% Encoding: UTF-8


@Article{Pickhardt2019,
  author    = {Ren\'e Pickhardt and Mariusz Nowostawski},
  journal   = {CoRR},
  title     = {Imbalance measure and proactive channel rebalancing algorithm for the Lightning Network},
  year      = {2019},
  volume    = {abs/1912.09555},
  bibsource = {dblp computer science bibliography, https://dblp.org},
  biburl    = {https://dblp.org/rec/journals/corr/abs-1912-09555.bib},
  url       = {https://arxiv.org/abs/1912.09555},
}
